@article{Ghalambor2006,
    author = {Ghalambor, C K and Huey, R B and Martin, Paul R and Tewksbury, Joshua J and Wang, George},
    title = {Are Mountain Passes Higher in the Tropics? {J}anzen's Hypothesis Revisited},
    journal = {Integrative and Comparative Biology},
    year = {2006},
    volume = {46},
    number = {1},
    pages = {5--17},
}

@article{Janzen1967,
    author = {Janzen, Daniel H},
    title = {Why Mountain Passes are Higher in the Tropics},
    journal = {American Naturalist},
    year = {1967},
    volume = {101},
    pages = {223--249},
}

@article{Mittelbach2007,
    author = {Mittelbach, Gary G and Schemske, Douglas W and Cornell, Howard V and Allen, Andrew P and Brown, Jonathan M and Bush, Mark B and Harrison, Susan P and Hurlbert, Allen H and Knowlton, Nancy and Lessios, Harilaos A and McCain, Christy M and McCune, Amy R and McDade, Lucinda A and McPeek, Mark A and Near,  Thomas J and Price, Trevor D and Ricklefs, Robert E and Roy, Kaustuv and Sax, Dov F and Schluter, Dolph and Sobel, James M and Turelli, Michael},
    title = {Evolution and the Latitudinal Diversity Gradient: Speciation, Extinction and Biogeography},
    journal = {Ecology Letters},
    year = {2007},
    volume = {10},
    number = {4},
    pages = {315--331},
}

@article{Ricklefs2006,
    author = {Ricklefs, Robert E},
    title = {Evolutionary Diversification and the Origin of the Diversity--Environment Relationship},
    journal = {Ecology},
    year = {2006},
    volume = {87},
    pages = {S3--S13},
}

@article{Simpson1964,
    title = {Species Density of {N}orth {A}merican Recent Mammals},
    volume = {13},
    doi = {10.2307/2411825},
    number = {2},
    journal = {Systematic Zoology},
    author = {Simpson, George Gaylord},
    year = {1964},
    pages = {57--73}
}


@article{Weir2007,
    author = {Weir, Jason T and Schluter, Dolph},
    title = {The Latitudinal Gradient in Recent Speciation and Extinction Rates of Birds and Mammals},
    journal = {Science},
    year = {2007},
    volume = {315},
    number = {5818},
    pages = {1574--1576},
}
